<record><leader>00000cas a22000007a 4500</leader><controlfield tag="001">12818518</controlfield><controlfield tag="008">851119d18961897wvuwr ne      0    0eng d</controlfield><controlfield tag="009">6116</controlfield><datafield ind1=" " ind2=" " tag="010"><subfield code="a">sn 85059685 </subfield></datafield><datafield ind1=" " ind2=" " tag="040"><subfield code="a">WVC</subfield><subfield code="b">eng</subfield><subfield code="c">WVC</subfield><subfield code="d">DLC</subfield><subfield code="d">WVC</subfield><subfield code="d">OCL</subfield><subfield code="d">OCLCQ</subfield></datafield><datafield ind1="1" ind2=" " tag="029"><subfield code="a">AU@</subfield><subfield code="b">000025293205</subfield></datafield><datafield ind1=" " ind2=" " tag="042"><subfield code="a">msc</subfield></datafield><datafield ind1="0" ind2="4" tag="245"><subfield code="a">The Hardy County democrat.</subfield></datafield><datafield ind1=" " ind2=" " tag="260"><subfield code="a">Moorefield, W. Va. :</subfield><subfield code="b">Hardy County Pub. Co.,</subfield><subfield code="c">1896-1897.</subfield></datafield><datafield ind1=" " ind2=" " tag="310"><subfield code="a">Weekly</subfield></datafield><datafield ind1="0" ind2=" " tag="362"><subfield code="a">Vol. 1, no. 1 (Oct. 14, 1896)-v. 1, no. 27 (Apr. 14, 1897).</subfield></datafield><datafield ind1=" " ind2=" " tag="752"><subfield code="a">United States</subfield><subfield code="b">West Virginia</subfield><subfield code="c">Hardy</subfield><subfield code="d">Moorefield.</subfield></datafield><datafield ind1="0" ind2="0" tag="785"><subfield code="t">Hardy County news (Moorefield, W. Va.)</subfield><subfield code="w">(DLC)sn 85059686</subfield></datafield></record>